<?xml version="1.0" encoding="UTF-8"?><collection xmlns="http://www.loc.gov/MARC21/slim"><record><leader>00787nam--2200229-u-4500</leader><controlfield tag="001">000053421</controlfield><controlfield tag="002">20161230</controlfield><controlfield tag="005">20161230201051</controlfield><controlfield tag="008">110404s1000------------r-----000-0-eng-d</controlfield><datafield ind1=" " ind2=" " tag="020"><subfield code="a">9027726833</subfield></datafield><datafield ind1=" " ind2=" " tag="040"><subfield code="a">IFIN-HH</subfield></datafield><datafield ind1=" " ind2=" " tag="080"><subfield code="a">530.145:530.16</subfield></datafield><datafield ind1="1" ind2=" " tag="100"><subfield code="a">Merwe, A Van Der</subfield></datafield><datafield ind1="1" ind2="0" tag="245"><subfield code="a">Microphysical reality and quantum formalism</subfield><subfield code="b">Proceedings of the conference microphysical reality and quantum formalism urbino, italy, september 25th - october 3rd, 1985</subfield><subfield code="c">A van der merwe; f. selleri; g. tarozzi (eds.)</subfield></datafield><datafield ind1=" " ind2=" " tag="260"><subfield code="a">Dordrecht</subfield><subfield code="b">Kluwer Academic Publishers</subfield><subfield code="c">1988</subfield></datafield><datafield ind1=" " ind2=" " tag="300"><subfield code="a">2 VOL</subfield></datafield><datafield ind1=" " ind2=" " tag="490"><subfield code="a">Fundamental Theories Of Physics</subfield></datafield><datafield ind1=" " ind2="4" tag="650"><subfield code="a">Quantum Theory</subfield></datafield><datafield ind1="1" ind2=" " tag="700"><subfield code="a">Tarozzi, G</subfield><subfield code="e">Ed</subfield></datafield><datafield ind1=" " ind2="1" tag="787"><subfield code="a">vol. 2</subfield><subfield code="h">473p</subfield></datafield><datafield ind1=" " ind2=" " tag="852"><subfield code="a">81488</subfield><subfield code="c">530.145</subfield></datafield><datafield ind1=" " ind2=" " tag="CAT"><subfield code="a">Sys</subfield><subfield code="c">20110404</subfield><subfield code="h">095231</subfield></datafield></record></collection>